<?xml version="1.0" encoding="utf-8"?>
<record xmlns="http://www.loc.gov/MARC21/slim" xmlns:xsi="http://www.w3.org/2001/XMLSchema-instance" xsi:schemaLocation="http://www.loc.gov/MARC21/slim http://www.loc.gov/standards/marcxml/schema/MARC21slim.xsd">
	<leader>     nam a22        4500</leader>
	<controlfield tag="001">2406757</controlfield>
	<controlfield tag="003">NjP</controlfield>
	<controlfield tag="006">m        d        </controlfield>
	<controlfield tag="007">cr cn |||m|||a</controlfield>
	<controlfield tag="008">160519m19151917tu b    od    000 0 arao </controlfield>
	<datafield ind1=" " ind2=" " tag="040">
		<subfield code="a">NNU</subfield>
		<subfield code="b">eng</subfield>
		<subfield code="e">rda</subfield>
		<subfield code="c">NNU</subfield>
	</datafield>
	<datafield ind1="0" ind2=" " tag="041">
		<subfield code="a">ara</subfield>
		<subfield code="a">ota</subfield>
	</datafield>
	<datafield ind1="0" ind2="0" tag="050">
		<subfield code="a">PL27</subfield>
		<subfield code="b">.M28 1915</subfield>
	</datafield>
	<datafield ind1="0" ind2=" " tag="100">
		<subfield code="a">Maḥmūd Kāshgarī,</subfield>
		<subfield code="d">active 11th century.</subfield>
	</datafield>
	<datafield ind1="1" ind2="0" tag="240">
		<subfield code="a">Dīwān lughāt al-Turk</subfield>
	</datafield>
	<datafield ind1="1" ind2="0" tag="245">
		<subfield code="a">Kitab-i Divan-i lûgat-it-Türk /</subfield>
		<subfield code="c">muellifi, Mahmut bin el-Hüseyin bin Mehmet el-Kaşgarî.</subfield>
	</datafield>
	<datafield ind1=" " ind2=" " tag="250">
		<subfield code="a">1. tabı.</subfield>
	</datafield>
	<datafield ind1=" " ind2=" " tag="260">
		<subfield code="a">Darülhilafetül Aliye [İstanbul] :</subfield>
		<subfield code="b">Matbaa-yi Amire,</subfield>
		<subfield code="c">1333-1335 [1915-1917]</subfield>
	</datafield>
	<datafield ind1=" " ind2=" " tag="300">
		<subfield code="a">online resource (3 volumes) :</subfield>
		<subfield code="b">folded color map</subfield>
	</datafield>
	<datafield ind1=" " ind2=" " tag="336">
		<subfield code="a">text</subfield>
		<subfield code="2">rdacontent</subfield>
	</datafield>
	<datafield ind1=" " ind2=" " tag="337">
		<subfield code="a">computer</subfield>
		<subfield code="2">rdamedia</subfield>
	</datafield>
	<datafield ind1=" " ind2=" " tag="338">
		<subfield code="a">online resource</subfield>
		<subfield code="2">rdacarrier</subfield>
	</datafield>
	<datafield ind1=" " ind2=" " tag="500">
		<subfield code="a">Arabic and Turkish in Arabic script.</subfield>
	</datafield>
	<datafield ind1=" " ind2=" " tag="500">
		<subfield code="a">Edited by Kilisli Ahmet Rifat bin Abdülkerim.</subfield>
	</datafield>
	<datafield ind1=" " ind2=" " tag="500">
		<subfield code="a">&quot;Halep defterdar-i esbaki Diyarbekirli Ali Emiri Efendinin kütüphanesinin istiâre olunarak tabı ve temsil edilmiştir.&quot;</subfield>
	</datafield>
	<datafield ind1=" " ind2=" " tag="500">
		<subfield code="a">Part of the Arabic Collections Online (ACO) project, contributed by Princeton University Libraries.</subfield>
	</datafield>
	<datafield ind1=" " ind2=" " tag="533">
		<subfield code="a">Electronic reproduction.</subfield>
		<subfield code="b">New York, N.Y. :</subfield>
		<subfield code="c">New York University,</subfield>
		<subfield code="d">2016.</subfield>
		<subfield code="5">NNU</subfield>
	</datafield>
	<datafield ind1=" " ind2="0" tag="650">
		<subfield code="a">Turkish language</subfield>
		<subfield code="v">Dictionaries</subfield>
		<subfield code="x">Arabic.</subfield>
	</datafield>
	<datafield ind1=" " ind2="0" tag="650">
		<subfield code="a">Turkic languages</subfield>
		<subfield code="x">Dialects.</subfield>
	</datafield>
	<datafield ind1=" " ind2="7" tag="650">
		<subfield code="a">Turkic languages</subfield>
		<subfield code="x">Dialects.</subfield>
		<subfield code="2">fast</subfield>
		<subfield code="0">(OCoLC)fst01159345</subfield>
	</datafield>
	<datafield ind1=" " ind2="7" tag="650">
		<subfield code="a">Turkish language.</subfield>
		<subfield code="2">fast</subfield>
		<subfield code="0">(OCoLC)fst01159411</subfield>
	</datafield>
	<datafield ind1=" " ind2="7" tag="655">
		<subfield code="a">Dictionaries.</subfield>
		<subfield code="2">fast</subfield>
		<subfield code="0">(OCoLC)fst01423826</subfield>
	</datafield>
	<datafield ind1="0" ind2=" " tag="700">
		<subfield code="a">Kilisli Muallim Rifat,</subfield>
		<subfield code="d">1876-1953.</subfield>
	</datafield>
	<datafield ind1="2" ind2=" " tag="710">
		<subfield code="a">Princeton University.</subfield>
		<subfield code="b">Library.</subfield>
	</datafield>
	<datafield ind1="0" ind2=" " tag="730">
		<subfield code="a">Arabic Collections Online.</subfield>
	</datafield>
	<datafield ind1="0" ind2=" " tag="740">
		<subfield code="a">Divan-i lûgat-it-Türk.</subfield>
	</datafield>
	<datafield ind1="0" ind2=" " tag="740">
		<subfield code="a">Divanü lûgat-it-Türk.</subfield>
	</datafield>
	<datafield ind1="0" ind2=" " tag="740">
		<subfield code="a">Divanı lûgat-it-Türk.</subfield>
	</datafield>
	<datafield ind1="0" ind2="8" tag="776">
		<subfield code="i">Online version:</subfield>
		<subfield code="a">Maḥmūd Kāshgarī, 11th cent.</subfield>
		<subfield code="s">Dīwān lughāt al-Turk.</subfield>
		<subfield code="t">Kitab-i Divan-i lûgat-it-Türk.</subfield>
		<subfield code="b">1. tabı.</subfield>
		<subfield code="d">Darülhilafetül Aliye [İstanbul] : Matbaa-yi Amire, 1333-1335 [1915-1917]</subfield>
		<subfield code="w">(OCoLC)767853424</subfield>
	</datafield>
	<datafield ind1="0" ind2="8" tag="776">
		<subfield code="i">Print version:</subfield>
		<subfield code="a">Maḥmūd Kāshgarī, active 11th century.</subfield>
		<subfield code="t">Kitab-i Divan-i lûgat-it-Türk</subfield>
		<subfield code="w">(NjP)2406757</subfield>
		<subfield code="w">(DLC)   84158953 </subfield>
		<subfield code="w">(OCoLC)11157679</subfield>
	</datafield>
	<datafield ind1="4" ind2="0" tag="856">
		<subfield code="u">http://hdl.handle.net/2333.1/cz8w9m8x</subfield>
	</datafield>
	<datafield ind1=" " ind2=" " tag="959">
		<subfield code="a">NNU</subfield>
		<subfield code="b">WEB</subfield>
		<subfield code="c">GENI</subfield>
		<subfield code="t">0</subfield>
		<subfield code="m">Electronic access</subfield>
		<subfield code="s">01</subfield>
	</datafield>
	<datafield ind1=" " ind2=" " tag="999">
		<subfield code="i">NjP_2406757</subfield>
		<subfield code="o">(OCoLC)ocm11157679 </subfield>
		<subfield code="s">princeton_aco000523</subfield>
		<subfield code="e">(ERROR-880)</subfield>
	</datafield>
</record>
